@misc{usyd1,
	author = "{The University of Sydney}",
	title = "{APA} Referencing Style (6th Edition)",
	year = 2022,
	note = "See \url{https://libguides.library.usyd.edu.au/ld.php?content\_id=47913440}"}

@misc{usyd2,
	author = "{The University of Sydney}",
	title = "Referencing and Citation Styles: {IEEE}",
	year = 2022,
	note = "See \url{https://libguides.library.usyd.edu.au/c.php?g=508212}"}
	
@misc{sfia,
	author = "{SFIA}",
	title = "The global skills and competency framework for the digital world",
	year = 2022,
	note = "See \url{https://sfia-online.org/en/sfia-8/all-skills-a-z}"}

@misc{network_security,
    author = "{National Institute of Standards and Technology (NIST)}",
    title = "Computer System Security and Privacy Advisory Meeting",
    year = 2002,
    note = "See \url{https://csrc.nist.gov/CSRC/media/Events/CSSPAB-JUNE-2002-MEETING/documents/Lainhart-06-2002.pdf}"}

@misc{data_protection,
    author = "{European Union Agency for Cybersecurity (ENISA)}",
    title = "A Trusted and Cyber Secure Europe",
    year = 2024,
    note = "See \url{https://www.enisa.europa.eu/sites/default/files/2025-02/A%20Trusted%20and%20Cyber%20Secure%20Europe%20-%20ENISA%20Strategy%20-%20Indicators.pdf}"}

@misc{incident_response,
    author = "{SANS Institute}",
    title = "Incident Response",
    year = 2021,
    note = "See \url{https://www.sans.org/security-resources/glossary-of-terms/incident-response/}"}

@misc{risk_assessment,
    author = "{International Organization for Standardization (ISO)}",
    title = "Information security, cybersecurity and privacy protection",
    year = 2022,
    note = "See \url{https://www.iso.org/obp/ui/en/#iso:std:iso-iec:27005:ed-4:v1:en}"}

@misc{websockets_lib,
    author = "{Websockets Library Documentation}",
    title = "Websockets Library Documentation, version 10.3",
    year = 2025,
    note = "Available: \url{https://websockets.readthedocs.io/} (accessed May 21, 2025)"
}

@misc{sfia_guide,
    author = "{SFIA Foundation}",
    title = "SFIA 8 Reference Guide",
    year = 2021,
    note = "Available: \url{https://sfia-online.org/en/sfia-8} (accessed May 21, 2025)"
}

@book{okken2017pytest,
  author    = {Brian Okken},
  title     = {Python Testing with Pytest},
  publisher = {Pragmatic Bookshelf},
  year      = {2017}
}

@misc{pytestdoc,
  author       = {pytest-dev},
  title        = {Pytest Documentation},
  year         = {2024},
  note         = {\url{https://docs.pytest.org}}
}
